 
@book{Hibbs2009,
    author = {Hibbs, Curt and Jewett, Steve and Sullivan, Mike},
    title = {The Art of Lean Software Development: A Practical and Incremental Approach},
    year = {2009},
    isbn = {0596517319, 9780596517311},
    edition = {1st},
    publisher = {O'Reilly Media, Inc.},
} 
@ARTICLE{Ieee1990,
    journal={{IEEE Std 610.12-1990}},
    title={{IEEE Standard Glossary of Software Engineering Terminology}},
    year={1990},
    month={12},
    pages={1-84},
    keywords={glossaries;software engineering;standards;IEEE Std 610.12-1990;software engineering terminology;standard glossary;Software engineering;Standards;Terminology;Definitions;Software engineering;dictionary;glossary;terminology},
    doi={10.1109/IEEESTD.1990.101064}
}
@book{Sommerville2001,
    author =	"Iam Sommerville",
	title =		"Software Engineering",
	address =	"Harlow, England",
	publisher =	"Addison-Wesley",
	year =		"2001",
	edition = 6
}
